
@book{memoria,
    title = {UFO465: Montaje de componentes y periféricos microinformáticos},
    author = {Jesús Martín Alloza},
    isbn = {},
    series = {},
    year = {2013},
    publisher = {ic editorial},
    keywords = {}
}

@article{info2,
    author = "Augusto Salazar.",
    title = "Funcionamiento de la memoria de un computador",
    journal = "",
    volume = "",
    number = "",
    pages = "1-13",
    year = "2020",
    DOI = "",
    keywords = ""
}

@online{gestion,
    author = "Wikipedia",
    title = "Gestión de memoria",
    url  = "https://es.wikipedia.org/wiki/Gesti%C3%B3n_de_memoria",
    addendum = ""
    keywords = ""
}